% This file was created with JabRef 2.10b2.
% Encoding: UTF-8


@Conference{aps_2018,
  Title                    = {On Growth and Form of Range Expansions at Liquid Interfaces},
  Author                   = {S. Atis and B. T. Weinstein and A. W. Murray and D. R. Nelson},
  Booktitle                = {Bulletin of the American Physical Society},
  Year                     = {2018},

  Address                  = {Los Angeles, CA},
  Month                    = {March},
  Organization             = {American Physical Society},

  Owner                    = {bryan},
  Timestamp                = {2019.02.04}
}

@Conference{atis_conference_2017,
  Title                    = {Experimental Population Dynamics in Fluid Flows},
  Author                   = {Severine Atis and Bryan T. Weinstein and Patrick Stoddard and Andrew W. Murray and David R. Nelson},
  Booktitle                = {American Physical Society, March Meeting},
  Year                     = {2017},

  Address                  = {New Orleans Morial Convention Center},
  Month                    = {March},
  Note                     = {Presentation.},

  Owner                    = {bryan},
  Timestamp                = {2017.04.14}
}

@Conference{ipols_poster_2016,
  Title                    = {Experimental Population Dynamics in Fluid Flows},
  Author                   = {Bryan T. Weinstein and Severine Atis and Andrew W. Murray and David R. Nelson},
  Booktitle                = {Annual Meeting of the International Physics of Living Sytems (iPoLS) Network},
  Year                     = {2016},

  Address                  = {Harvard University},
  Month                    = {July},
  Note                     = {Poster Presentation.},

  Owner                    = {bryan},
  Timestamp                = {2017.09.27}
}

@Conference{weinstein_conference_2017,
  Title                    = {Diffusion and Selection in Many-Allele Range Expansions},
  Author                   = {Bryan T. Weinstein and Maxim O. Lavrentovich and Wolfram M\"obius and Andrew W. Murray and David R. Nelson},
  Booktitle                = {Bulletin of the American Physical Society},
  Year                     = {2017},

  Address                  = {New Orleans Morial Convention Center},
  Month                    = {March},
  Note                     = {Presentation},

  Owner                    = {bryan},
  Timestamp                = {2017.04.14}
}

