% Encoding: UTF-8

@Article{weinstein_atis_2019,
  author    = {B. T. Weinstein and S. Atis and A. W. Murray and D. R. Nelson},
  journal   = {Physical Review X},
  title     = {Microbial Range Expansions on Liquid Substrates},
  year      = {2019},
  month     = {June},
  note      = {Equal first co-author},
  number    = {2},
  volume    = {9},
  doi       = {10.1103/physrevx.9.021058},
  owner     = {bryan},
  timestamp = {2019.02.04},
  url       = {https://doi.org/10.1103/PhysRevX.9.021058},
}

@Article{weinstein_2017,
  author    = {Bryan T. Weinstein and Maxim O. Lavrentovich and Wolfram M\"obius and Andrew W. Murray and David R. Nelson},
  journal   = {PLOS Computational Biology},
  title     = {Genetic Drift and Selection in Many-Allelle Range Expansions},
  year      = {2017},
  month     = {December},
  note      = {Article chosen for journal cover photo},
  number    = {12},
  pages     = {e1005866},
  volume    = {13},
  doi       = {10.1371/journal.pcbi.1005866},
  owner     = {bryan},
  timestamp = {2015.08.11},
  url       = {http://dx.plos.org/10.1371/journal.pcbi.1005866},
}

@Misc{atis_rocket_yeast_2021,
  author       = {Severine Atis and Bryan T. Weinstein and Andrew W. Murray and David R. Nelson},
  howpublished = {Video},
  month        = nov,
  note         = {Milton van Dyke Award as part of the DFD Gallery of Fluid Motion.},
  title        = {Rocket yeast},
  year         = {2021},
  doi          = {10.1103/physrevfluids.6.110507},
  issn         = {2469-990X},
  journal      = {Physical Review Fluids},
  number       = {11},
  pages        = {110507},
  publisher    = {American Physical Society (APS)},
  url          = {https://doi.org/10.1103/PhysRevFluids.6.110507},
  volume       = {6},
}

@Comment{jabref-meta: databaseType:bibtex;}
